@Inbook{Woll1977,
author="Woll, Artur
and Faulwasser, Bernd
and Ramb, Bernd-Thomas",
title="Inflation und Geld: Die Quantit{\"a}tstheorie",
bookTitle="Besch{\"a}ftigung, Geld und Preisniveaustabilit{\"a}t: Empirische Untersuchungen zum Inflationsproblem",
year="1977",
publisher="VS Verlag f{\"u}r Sozialwissenschaften",
address="Wiesbaden",
pages="61--107",
abstract="Kern der Behauptungen zum Phillips-Theorem ist, da{\ss} Entwicklungen des Arbeitsmarktes von entscheidender Bedeutung f{\"u}r die Bestimmung der Inflationsrate seien. Die unbefriedigenden empirischen Ergebnisse best{\"a}rken die Zweifel an der popul{\"a}ren Hypothese des inflationsrelevanten Arbeitsmarktes. Theoretisch war diese Auffassung immer umstritten. In der neueren Inflationsdiskussion r{\"u}ckte deshalb eine Gr{\"o}{\ss}e in den Mittelpunkt, die schon in der Vergangenheit als ma{\ss}gebliche Determinante des Preisniveaus angesehen wurde: die Geldmenge. Das Hypothesensystem, das die Beziehungen zwischen Geldmengen- und Preisniveauentwicklung erkl{\"a}rt, ist die Quantit{\"a}tstheorie des Geldes. Ihre Tragf{\"a}higkeit soll im folgenden Abschnitt empirisch {\"u}berpr{\"u}ft werden. Zun{\"a}chst seien --- {\"a}hnlich wie beim Phillips-Theorem --- eine theoretische Skizze der Quantit{\"a}tstheorie entworfen und entsprechende empirische Untersuchungen im {\"U}berblick dargeboten.",
isbn="978-3-322-88700-9",
doi="10.1007/978-3-322-88700-9_3",
url="https://doi.org/10.1007/978-3-322-88700-9_3"
}

